<?xml version="1.0" encoding="UTF-8"?>
<record xmlns="http://www.loc.gov/MARC21/slim" xmlns:xsi="http://www.w3.org/2001/XMLSchema-instance" xsi:schemaLocation="http://www.loc.gov/MARC21/slim http://www.loc.gov/standards/marcxml/schema/MARC21slim.xsd">
<leader>     cam a2200301 a 4500</leader>
<controlfield tag="001">001374297</controlfield>
<controlfield tag="003">NNU</controlfield>
<controlfield tag="005">20061010172917.0</controlfield>
<controlfield tag="008">980416s1950    ua            000 0 ara d</controlfield>
<datafield tag="035" ind1="9" ind2=" ">
<subfield code="a">NYUb11790931</subfield>
</datafield>
<datafield tag="035" ind1=" " ind2=" ">
<subfield code="a">(CStRLIN)NYUG98-B1145</subfield>
</datafield>
<datafield tag="040" ind1=" " ind2=" ">
<subfield code="a">MH</subfield>
<subfield code="c">MH</subfield>
<subfield code="d">CStRLIN</subfield>
<subfield code="d">NNU</subfield>
</datafield>
<datafield tag="066" ind1=" " ind2=" ">
<subfield code="c">(3</subfield>
</datafield>
<datafield tag="090" ind1=" " ind2=" ">
<subfield code="a">BP195.B3</subfield>
<subfield code="b">D3</subfield>
</datafield>
<datafield tag="100" ind1="1" ind2=" ">
<subfield code="a">Daylamī, Muḥammad ibn al-Ḥasan,</subfield>
<subfield code="d">d. 1311 or 12</subfield>
<subfield code="6">880-01</subfield>
</datafield>
<datafield tag="245" ind1="1" ind2="0">
<subfield code="6">880-02</subfield>
<subfield code="a">Qawāʻid ʻaqāʼid Āl Muḥammad, al-Bāṭinīyah /</subfield>
<subfield code="c">li-Muḥammad ibn al-ḥasan al-Daylamī al-Yamn̄ī ; ʻarrafa al-kitāb wa-qaddamah lil-qurāʼi Muḥammad Zāhid ibn al-Ḥasan al-Kawtharī ; rujiʻa ʻalá aṣl lil-nuskhah al-waḥīdah al-maḥfūẓah fī maktabat Jalālat Mawlānā al-Imām al-maghfūr lahu Yaḥyá Ḥamīd al-Dīn al-Yamānī ; ʻuniyá bi-nashrihi, wa-saṣaṣahu, wa-waḍaʻa fahārisahu ʻIzzat al-ʻAṭṭār al-Ḥusaynī.</subfield>
</datafield>
<datafield tag="300" ind1=" " ind2=" ">
<subfield code="a">157 p. ;</subfield>
<subfield code="c">25 cm.</subfield>
</datafield>
<datafield tag="490" ind1="1" ind2=" ">
<subfield code="6">880-03</subfield>
<subfield code="a">Kutub nādirah</subfield>
</datafield>
<datafield tag="650" ind1=" " ind2="0">
<subfield code="a">Batinites.</subfield>
</datafield>
<datafield tag="700" ind1="1" ind2=" ">
<subfield code="a">Ḥusaynī, ʻIzzat al-ʻAṭṭār</subfield>
<subfield code="6">880-04</subfield>
</datafield>
<datafield tag="700" ind1="1" ind2=" ">
<subfield code="a">Kawtharī, Muḥammad Zāhid ibn al-Ḥasan</subfield>
<subfield code="6">880-05</subfield>
</datafield>
<datafield tag="880" ind1="1" ind2=" ">
<subfield code="6">100-01/</subfield>
<subfield code="a">ديلمي، محمد بن الحسن.</subfield>
</datafield>
<datafield tag="880" ind1="1" ind2="0">
<subfield code="6">245-02/</subfield>
<subfield code="a">قواعد عقائد آل محمد، الباطنية /</subfield>
<subfield code="c">لمحمد بن الحسن الديلمي اليماني ؛ عرف الكتاب ومقدمه للقراء محمد زاهد بن الحسن الكوثري ؛ روجع على أصا للنسخة الوحيدة المحفوظة في مكتبة جلالة مولانا الإمام المغفور له يحيى حميد الدين اليماني ؛ عنى بنشره، وصححه، ووضع فهارسه عزت العطار الحسيني.</subfield>
</datafield>
<datafield tag="880" ind1="1" ind2=" ">
<subfield code="6">490-03/</subfield>
<subfield code="a">كتب نادرة</subfield>
</datafield>
<datafield tag="880" ind1="1" ind2=" ">
<subfield code="6">700-04/</subfield>
<subfield code="a">حسيني، عزت عطار.</subfield>
</datafield>
<datafield tag="880" ind1="1" ind2=" ">
<subfield code="6">700-05/</subfield>
<subfield code="a">كوثري، محمد زاهد بن الحسن.</subfield>
</datafield>
<datafield tag="830" ind1=" " ind2="0">
<subfield code="6">880-06</subfield>
<subfield code="a">Kutub nādirah.</subfield>
</datafield>
<datafield tag="880" ind1=" " ind2="0">
<subfield code="6">830-06/</subfield>
<subfield code="a">كتب نادرة</subfield>
</datafield>
<datafield tag="OWN" ind1=" " ind2=" ">
<subfield code="a">GENERAL</subfield>
</datafield>
<datafield tag="998" ind1=" " ind2=" ">
<subfield code="a">19980416</subfield>
<subfield code="d">19980416</subfield>
<subfield code="d">19980416</subfield>
<subfield code="n">NNU</subfield>
<subfield code="s">1</subfield>
<subfield code="t">c</subfield>
<subfield code="z">p</subfield>
</datafield>
<datafield tag="AVA" ind1=" " ind2=" ">
<subfield code="a">NYU50</subfield>
<subfield code="b">BOBST</subfield>
<subfield code="c">Main Collection</subfield>
<subfield code="d">BP195.B3 D3</subfield>
<subfield code="e">unavailable</subfield>
<subfield code="t">Unavailable</subfield>
<subfield code="f">1</subfield>
<subfield code="g">1</subfield>
<subfield code="h">N</subfield>
<subfield code="i">0</subfield>
<subfield code="j">MAIN</subfield>
<subfield code="k">0</subfield>
</datafield>
</record>
